@inbook{Pozar,
  author    = {Pozar, David M},
  title     = {Chapter 1: Electromagnetic Theory eq (1.42)},
  booktitle = {Microwave Engineering},
  year      = {2011},
  edition   = {Fourth Edition},
  publisher = {John Wiley & Sons Inc},
}

@book{Balanis_2016, place={Hoboken, NJ}, title={Antenna theory: Analysis and design}, publisher={Wiley}, author={Balanis, Constantine A.}, year={2016}} 

@standard{IEEEstd,
  title        = {IEEE Recommended Practice for Antenna Measurements},
  organization = {IEEE},
  number       = {IEEE Std-149-2021},
  year         = {2021},
  month        = {Sep},
}