@inbook{Pozar,
  author    = {Pozar, David M},
  title     = {Chapter 1: Electromagnetic Theory eq (1.42)},
  booktitle = {Microwave Engineering},
  edition   = {Fourth Edition},
}

@book{Balanis_2016, place={Hoboken, NJ}, title={Antenna theory: Analysis and design}, publisher={Wiley}, author={Balanis, Constantine A.}, year={2016}} 