%%
%% $Id: biblio.bib,v 1.7 2015/03/18 09:43:08 macias Exp $
%%


@Book{Balanis_2016,
  title     = "Antenna theory",
  author    = "Balanis, Constantine A",
  publisher = "Wiley-Blackwell",
  edition   =  4,
  month     =  jan,
  year      =  2016,
  address   = "Hoboken, NJ",
  language  = "en"
}

@standard{IEEEstd,
  title        = {IEEE Recommended Practice for Antenna Measurements},
  organization = {IEEE},
  number       = {IEEE Std-149-2021},
  year         = {2021},
  month        = {Sep},
}

@Book{Pozar,
  title     = "Microwave Engineering",
  author    = "Pozar, David M",
  publisher = "John Wiley \& Sons",
  edition   =  4,
  month     =  nov,
  year      =  2011,
  address   = "Chichester, England",
  language  = "en"
}

@Book{Stratton,
  title    = "Electromagnetic theory",
  author   = "Stratton, Julius Adams",
  publisher = "Swedenborg Press",
  month    =  nov,
  year     =  2010,
  language = "en"
}

@ARTICLE{Articulo_Kummer,
  author={Kummer, W.H. and Gillespie, E.S.},
  journal={Proceedings of the IEEE}, 
  title={Antenna measurementsâ€”1978}, 
  year={1978},
  volume={66},
  number={4},
  pages={483-507},
  keywords={Antenna measurements;Anechoic chambers;Radar antennas;Laboratories;Aerospace engineering;Antenna theory;Gain measurement;Testing;Erbium;Frequency},
  doi={10.1109/PROC.1978.10940}
}

@Book{morse&Feshbach1953,
  title={Methods of Theoretical Physics},
  author={Morse, Philip M. and Feshbach, Herman},
  year={1953},
  publisher={McGraw-Hill},
  address={New York},
  chapter={13}
}